@article{https://doi.org/10.34627/rcc.v16i0.268,
  doi = {10.34627/RCC.V16I0.268},
  url = {https://journals.uab.pt/index.php/rcc/article/view/268},
  author = {Cota,  Duarte and Cruzeiro,  Tiago and Beck,  Dennis and Coelho,  António and Morgado,  Leonel},
  language = {en},
  title = {InventiveTr@ining – Inven!RA architecture Activity Provider modules for online tracking of microelectronics student projects},
  journal = {Revista de Ci\^encias da Computa\c{c}ão},
  pages = {v. 16 (2021)},
  publisher = {Revista de Ci\^encias da Computa\c{c}ão},
  year = {2021},
  copyright = {Creative Commons Attribution 4.0 International}
}